@misc{ref1, 
  author ={Helmuth Spieler}, 
  title ={Pulse Processing and Analysis},
  publisher = {Berkeley, CA 94720},
  month = {October},
  year =         {1999}, 
}